<record><leader>00000cas a2200000 a 4500</leader><controlfield tag="001">38940797</controlfield><controlfield tag="008">980413d19531953miuwr n       0    0eng c</controlfield><datafield ind1=" " ind2=" " tag="010"><subfield code="a">sn 98066246 </subfield></datafield><datafield ind1=" " ind2=" " tag="040"><subfield code="a">MHN</subfield><subfield code="b">eng</subfield><subfield code="c">MHN</subfield><subfield code="d">OCL</subfield><subfield code="d">OCLCQ</subfield><subfield code="d">OCLCO</subfield></datafield><datafield ind1="1" ind2=" " tag="029"><subfield code="a">AU@</subfield><subfield code="b">000013907144</subfield></datafield><datafield ind1=" " ind2=" " tag="042"><subfield code="a">pcc</subfield></datafield><datafield ind1=" " ind2=" " tag="043"><subfield code="a">n-us-mi</subfield></datafield><datafield ind1="0" ind2=" " tag="130"><subfield code="a">Advance (Reading, Mich.)</subfield></datafield><datafield ind1="1" ind2="4" tag="245"><subfield code="a">The advance.</subfield></datafield><datafield ind1="1" ind2="3" tag="246"><subfield code="a">Camden advance</subfield></datafield><datafield ind1=" " ind2=" " tag="260"><subfield code="a">Reading, Mich. :</subfield><subfield code="b">Advance Pub. Co.</subfield></datafield><datafield ind1=" " ind2=" " tag="300"><subfield code="a">v.</subfield></datafield><datafield ind1=" " ind2=" " tag="310"><subfield code="a">Weekly</subfield></datafield><datafield ind1="0" ind2=" " tag="362"><subfield code="a">Vol. 57, no. 6 (Jan. 22, 1953)-v. 58, no. 27 (June 25, 1953).</subfield></datafield><datafield ind1=" " ind2="0" tag="651"><subfield code="a">Camden (Mich.)</subfield><subfield code="v">Newspapers.</subfield></datafield><datafield ind1=" " ind2="0" tag="651"><subfield code="a">Reading (Mich.)</subfield><subfield code="v">Newspapers.</subfield></datafield><datafield ind1=" " ind2="0" tag="651"><subfield code="a">Hillsdale County (Mich.)</subfield><subfield code="v">Newspapers.</subfield></datafield><datafield ind1=" " ind2=" " tag="752"><subfield code="a">United States</subfield><subfield code="b">Michigan</subfield><subfield code="c">Hillsdale</subfield><subfield code="d">Reading.</subfield></datafield><datafield ind1="0" ind2="0" tag="780"><subfield code="t">Camden advance (Camden, Mich.)</subfield><subfield code="w">(DLC)sn 96076717</subfield><subfield code="w">(OCoLC)34938464</subfield></datafield><datafield ind1="0" ind2="0" tag="785"><subfield code="t">Farmers' advance (Reading, Mich.)</subfield><subfield code="w">(DLC)sn 98066023</subfield><subfield code="w">(OCoLC)38940622</subfield></datafield></record>